<record><leader>00000cas a2200000 a 4500</leader><controlfield tag="001">10890811</controlfield><controlfield tag="008">840627c19199999miudn ne      0    0eng c</controlfield><datafield ind1=" " ind2=" " tag="010"><subfield code="a">sn 84025802 </subfield></datafield><datafield ind1=" " ind2=" " tag="040"><subfield code="a">NPV</subfield><subfield code="b">eng</subfield><subfield code="c">NPV</subfield><subfield code="d">MHN</subfield><subfield code="d">OCL</subfield><subfield code="d">OCLCQ</subfield><subfield code="d">OCLCF</subfield><subfield code="d">OCLCO</subfield></datafield><datafield ind1=" " ind2=" " tag="042"><subfield code="a">pcc</subfield></datafield><datafield ind1=" " ind2=" " tag="043"><subfield code="a">n-us-mi</subfield></datafield><datafield ind1="0" ind2="0" tag="245"><subfield code="a">Ironwood daily globe.</subfield></datafield><datafield ind1=" " ind2=" " tag="260"><subfield code="a">Ironwood, Mich. :</subfield><subfield code="b">Globe Pub. Co.</subfield></datafield><datafield ind1=" " ind2=" " tag="300"><subfield code="a">v. :</subfield><subfield code="b">ill. ;</subfield><subfield code="c">58 cm.</subfield></datafield><datafield ind1=" " ind2=" " tag="310"><subfield code="a">Daily (except Sun.)</subfield></datafield><datafield ind1="0" ind2=" " tag="362"><subfield code="a">Vol. 1, no. 1 (Nov. 20, 1919)-v. 44, no. 309 (Nov. 19, 1963) ; 45th yr., no. 1 (Nov. 20, 1963)-64th yr., no. 307 (Nov. 19, 1983) ; Nov. 21, 1983-</subfield></datafield><datafield ind1=" " ind2=" " tag="500"><subfield code="a">Issue called: White Pine Copper Co. Special Supplement, Sept. 17, 1965.</subfield></datafield><datafield ind1=" " ind2=" " tag="500"><subfield code="a">Nov. 20, 1969 issue contains history of area newspapers and reprint of page 1 of: Gogebic explorer.</subfield></datafield><datafield ind1=" " ind2="0" tag="651"><subfield code="a">Ironwood (Mich.)</subfield><subfield code="v">Newspapers.</subfield></datafield><datafield ind1=" " ind2="0" tag="651"><subfield code="a">Gogebic County (Mich.)</subfield><subfield code="v">Newspapers.</subfield></datafield><datafield ind1=" " ind2="7" tag="655"><subfield code="a">Newspapers.</subfield><subfield code="2">fast</subfield><subfield code="0">(OCoLC)fst01423814</subfield></datafield><datafield ind1=" " ind2="7" tag="651"><subfield code="a">Michigan</subfield><subfield code="z">Gogebic County.</subfield><subfield code="2">fast</subfield><subfield code="0">(OCoLC)fst01214766</subfield></datafield><datafield ind1=" " ind2="7" tag="651"><subfield code="a">Michigan</subfield><subfield code="z">Ironwood.</subfield><subfield code="2">fast</subfield><subfield code="0">(OCoLC)fst01233229</subfield></datafield><datafield ind1=" " ind2=" " tag="752"><subfield code="a">United States</subfield><subfield code="b">Michigan</subfield><subfield code="c">Gogebic</subfield><subfield code="d">Ironwood.</subfield></datafield><datafield ind1="0" ind2="5" tag="780"><subfield code="t">Ironwood news-record</subfield><subfield code="w">(DLC)sn 85086915</subfield><subfield code="w">(OCoLC)15025184</subfield></datafield></record>